<?xml version='1.0' encoding='utf-8'?>
<record xmlns="http://www.loc.gov/MARC21/slim" xmlns:xsi="http://www.w3.org/2001/XMLSchema-instance" xsi:schemaLocation="http://www.loc.gov/MARC21/slim http://www.loc.gov/standards/marcxml/schema/MARC21slim.xsd">
  <leader>00000npca 22009011a 4500</leader>
  <controlfield tag="005">20121030093032.0</controlfield>
  <controlfield tag="008">940131i18401946miu     |           eng |</controlfield>
  <datafield tag="035" ind1=" " ind2=" ">
    <subfield code="a">(RLIN)MIUV85-A2272</subfield>
  </datafield>
  <datafield tag="035" ind1=" " ind2=" ">
    <subfield code="a">(OCoLC)ocm34420096</subfield>
  </datafield>
  <datafield tag="040" ind1=" " ind2=" ">
    <subfield code="a">MiU-H</subfield>
    <subfield code="c">MiU-H</subfield>
    <subfield code="e">appm</subfield>
    <subfield code="d">MiU</subfield>
    <subfield code="d">MiU-H</subfield>
  </datafield>
  <datafield tag="100" ind1="1" ind2=" ">
    <subfield code="a">Russell, Howard H.</subfield>
    <subfield code="q">(Howard Hyde),</subfield>
    <subfield code="d">1855-1946.</subfield>
  </datafield>
  <datafield tag="245" ind1="1" ind2="0">
    <subfield code="a">Howard Hyde Russell papers,</subfield>
    <subfield code="f">1840-1946.</subfield>
  </datafield>
  <datafield tag="300" ind1=" " ind2=" ">
    <subfield code="a">3 linear ft.</subfield>
  </datafield>
  <datafield tag="545" ind1=" " ind2=" ">
    <subfield code="a">Congregational minister and founder of the American Anti-Saloon League.</subfield>
  </datafield>
  <datafield tag="520" ind1=" " ind2=" ">
    <subfield code="a">Professional correspondence and speeches relating to his work with the Anti-Saloon League, biographical and autobiographical writings, diary entries, notebooks and newspaper clippings and other miscellanea; family correspondence, including papers of his father, Joseph A. Russell, and his wife, and collected historical letters from Andrew Jackson, William Lloyd Garrison, Wendell Phillips, and Charles Dickens; also photographs. Correspondents include: Susan B. Anthony, James B. Angell, Roger W. Babson,</subfield>
  </datafield>
  <datafield tag="520" ind1=" " ind2=" ">
    <subfield code="a">Evangeline C. Booth, Phillips Brooks, William Jennings Bryan, S. Parkes Cadman, Arthur Capper, Calvin Coolidge, Shelby M. Cullom, Josephus Daniels, Harry Daugherty, Neal Dow, Thomas A. Edison, Simeon D. Fess, Harry Emerson Fosdick, Lister Hill, Herbert Hoover, John Harvey Kellogg, David Lawrence, William G. McAdoo, Gifford Pinchot, John D. Rockefeller, John D. Rockefeller, Jr., Morris Sheppard, Homer W. Tope, Wayne B. Wheeler, and William Allen White.</subfield>
  </datafield>
  <datafield tag="555" ind1="0" ind2=" ">
    <subfield code="a">Finding aid in the library.</subfield>
  </datafield>
  <datafield tag="555" ind1="0" ind2=" ">
    <subfield code="a">Finding aid available via World Wide Web at URL: http://quod.lib.umich.edu/cgi/f/findaid/findaid-idx?c=bhlead&amp;idno=umich-bhl-852272</subfield>
  </datafield>
  <datafield tag="500" ind1=" " ind2=" ">
    <subfield code="a">Donor: 5233</subfield>
  </datafield>
  <datafield tag="500" ind1=" " ind2=" ">
    <subfield code="a">Photographs described separately.</subfield>
  </datafield>
  <datafield tag="655" ind1=" " ind2="7">
    <subfield code="a">Diaries.</subfield>
    <subfield code="2">ftamc</subfield>
  </datafield>
  <datafield tag="610" ind1="2" ind2="0">
    <subfield code="a">Anti-saloon League of America.</subfield>
  </datafield>
  <datafield tag="650" ind1=" " ind2="0">
    <subfield code="a">Clergy</subfield>
    <subfield code="z">United States.</subfield>
  </datafield>
  <datafield tag="650" ind1=" " ind2="0">
    <subfield code="a">Congregational churches.</subfield>
  </datafield>
  <datafield tag="650" ind1=" " ind2="0">
    <subfield code="a">Prohibition</subfield>
    <subfield code="z">United States.</subfield>
  </datafield>
  <datafield tag="600" ind1="1" ind2="0">
    <subfield code="a">Russell, Howard H.</subfield>
    <subfield code="q">(Howard Hyde),</subfield>
    <subfield code="d">1855-1946.</subfield>
  </datafield>
  <datafield tag="650" ind1=" " ind2="0">
    <subfield code="a">Social reformers</subfield>
    <subfield code="z">United States.</subfield>
  </datafield>
  <datafield tag="650" ind1=" " ind2="0">
    <subfield code="a">Temperance</subfield>
    <subfield code="z">United States.</subfield>
  </datafield>
  <datafield tag="700" ind1="1" ind2=" ">
    <subfield code="a">Angell, James Burrill,</subfield>
    <subfield code="d">1829-1916.</subfield>
  </datafield>
  <datafield tag="700" ind1="1" ind2=" ">
    <subfield code="a">Anthony, Susan B.</subfield>
    <subfield code="q">(Susan Brownell),</subfield>
    <subfield code="d">1820-1906.</subfield>
  </datafield>
  <datafield tag="700" ind1="1" ind2=" ">
    <subfield code="a">Babson, Roger Ward,</subfield>
    <subfield code="d">1875-1967.</subfield>
  </datafield>
  <datafield tag="700" ind1="1" ind2=" ">
    <subfield code="a">Baker, Purley Albert,</subfield>
    <subfield code="d">1858-1924.</subfield>
  </datafield>
  <datafield tag="700" ind1="1" ind2=" ">
    <subfield code="a">Barrows, John Henry,</subfield>
    <subfield code="d">1847-1902.</subfield>
  </datafield>
  <datafield tag="700" ind1="1" ind2=" ">
    <subfield code="a">Bashford, J. W.</subfield>
    <subfield code="q">(James Whitford),</subfield>
    <subfield code="d">1849-1919.</subfield>
  </datafield>
  <datafield tag="700" ind1="1" ind2=" ">
    <subfield code="a">Booth, Evangeline,</subfield>
    <subfield code="d">1865-1950.</subfield>
  </datafield>
  <datafield tag="700" ind1="1" ind2=" ">
    <subfield code="a">Brooks, Phillips,</subfield>
    <subfield code="d">1835-1893.</subfield>
  </datafield>
  <datafield tag="700" ind1="1" ind2=" ">
    <subfield code="a">Bryan, William Jennings,</subfield>
    <subfield code="d">1860-1925.</subfield>
  </datafield>
  <datafield tag="700" ind1="1" ind2=" ">
    <subfield code="a">Cadman, S. Parkes</subfield>
    <subfield code="q">(Samuel Parkes),</subfield>
    <subfield code="d">1864-1936.</subfield>
  </datafield>
  <datafield tag="700" ind1="1" ind2=" ">
    <subfield code="a">Capper, Arthur,</subfield>
    <subfield code="d">1865-1951.</subfield>
  </datafield>
  <datafield tag="700" ind1="1" ind2=" ">
    <subfield code="a">Coolidge, Calvin,</subfield>
    <subfield code="d">1872-1933.</subfield>
  </datafield>
  <datafield tag="700" ind1="1" ind2=" ">
    <subfield code="a">Cullom, Shelby M.</subfield>
    <subfield code="q">(Shelby Moore),</subfield>
    <subfield code="d">1829-1914.</subfield>
  </datafield>
  <datafield tag="700" ind1="1" ind2=" ">
    <subfield code="a">Daniels, Josephus,</subfield>
    <subfield code="d">1862-1948.</subfield>
  </datafield>
  <datafield tag="700" ind1="1" ind2=" ">
    <subfield code="a">Daugherty, H. M.</subfield>
    <subfield code="q">(Harry Micajah),</subfield>
    <subfield code="d">1860-1941.</subfield>
  </datafield>
  <datafield tag="700" ind1="1" ind2=" ">
    <subfield code="a">Dickens, Charles,</subfield>
    <subfield code="d">1812-1870.</subfield>
  </datafield>
  <datafield tag="700" ind1="1" ind2=" ">
    <subfield code="a">Dow, Neal,</subfield>
    <subfield code="d">1804-1897.</subfield>
  </datafield>
  <datafield tag="700" ind1="1" ind2=" ">
    <subfield code="a">Edison, Thomas A.</subfield>
    <subfield code="q">(Thomas Alva),</subfield>
    <subfield code="d">1847-1931.</subfield>
  </datafield>
  <datafield tag="700" ind1="1" ind2=" ">
    <subfield code="a">Fess, Simeon D.</subfield>
    <subfield code="q">(Simeon Davidson),</subfield>
    <subfield code="d">1861-1936.</subfield>
  </datafield>
  <datafield tag="700" ind1="1" ind2=" ">
    <subfield code="a">Fosdick, Harry Emerson,</subfield>
    <subfield code="d">1878-1969.</subfield>
  </datafield>
  <datafield tag="700" ind1="1" ind2=" ">
    <subfield code="a">Foster, J. Ellen</subfield>
    <subfield code="q">(Judith Ellen),</subfield>
    <subfield code="d">1840-</subfield>
  </datafield>
  <datafield tag="700" ind1="1" ind2=" ">
    <subfield code="a">Garrison, William Lloyd,</subfield>
    <subfield code="d">1805-1879.</subfield>
  </datafield>
  <datafield tag="700" ind1="1" ind2=" ">
    <subfield code="a">Hill, Lister,</subfield>
    <subfield code="d">1894-1984.</subfield>
  </datafield>
  <datafield tag="700" ind1="1" ind2=" ">
    <subfield code="a">Hoover, Herbert,</subfield>
    <subfield code="d">1874-1964.</subfield>
  </datafield>
  <datafield tag="700" ind1="1" ind2=" ">
    <subfield code="a">Ireland, John,</subfield>
    <subfield code="d">1838-1918.</subfield>
  </datafield>
  <datafield tag="700" ind1="1" ind2=" ">
    <subfield code="a">Jackson, Andrew,</subfield>
    <subfield code="d">1767-1845.</subfield>
  </datafield>
  <datafield tag="700" ind1="1" ind2=" ">
    <subfield code="a">Johnson, William E.</subfield>
    <subfield code="q">(William Eugene),</subfield>
    <subfield code="d">1862-1945.</subfield>
  </datafield>
  <datafield tag="700" ind1="1" ind2=" ">
    <subfield code="a">Kellogg, John Harvey,</subfield>
    <subfield code="d">1852-1943.</subfield>
  </datafield>
  <datafield tag="700" ind1="1" ind2=" ">
    <subfield code="a">King, Henry Churchill,</subfield>
    <subfield code="d">1858-1934.</subfield>
  </datafield>
  <datafield tag="700" ind1="1" ind2=" ">
    <subfield code="a">Lawrence, David,</subfield>
    <subfield code="d">1888-1973.</subfield>
  </datafield>
  <datafield tag="700" ind1="1" ind2=" ">
    <subfield code="a">McAdoo, W. G.</subfield>
    <subfield code="q">(William Gibbs),</subfield>
    <subfield code="d">1863-1941.</subfield>
  </datafield>
  <datafield tag="700" ind1="1" ind2=" ">
    <subfield code="a">Phillips, Wendell,</subfield>
    <subfield code="d">1811-1884.</subfield>
  </datafield>
  <datafield tag="700" ind1="1" ind2=" ">
    <subfield code="a">Pinchot, Gifford,</subfield>
    <subfield code="d">1865-1946.</subfield>
  </datafield>
  <datafield tag="700" ind1="1" ind2=" ">
    <subfield code="a">Rockefeller, John D.</subfield>
    <subfield code="q">(John Davison),</subfield>
    <subfield code="d">1839-1937.</subfield>
  </datafield>
  <datafield tag="700" ind1="1" ind2=" ">
    <subfield code="a">Rockefeller, John D.,</subfield>
    <subfield code="c">Jr.</subfield>
    <subfield code="q">(John Davison),</subfield>
    <subfield code="d">1874-1960.</subfield>
  </datafield>
  <datafield tag="700" ind1="1" ind2=" ">
    <subfield code="a">Russell, Charles Edward,</subfield>
    <subfield code="d">1860-1941.</subfield>
  </datafield>
  <datafield tag="700" ind1="1" ind2=" ">
    <subfield code="a">Russell, Joseph A.</subfield>
  </datafield>
  <datafield tag="700" ind1="1" ind2=" ">
    <subfield code="a">Sheldon, Charles M.,</subfield>
    <subfield code="d">1857-1946.</subfield>
  </datafield>
  <datafield tag="700" ind1="1" ind2=" ">
    <subfield code="a">Sheppard, Morris,</subfield>
    <subfield code="d">1875-1941.</subfield>
  </datafield>
  <datafield tag="700" ind1="1" ind2=" ">
    <subfield code="a">Strong, Josiah,</subfield>
    <subfield code="d">1847-1916.</subfield>
  </datafield>
  <datafield tag="700" ind1="1" ind2=" ">
    <subfield code="a">Tope, Homer W.,</subfield>
    <subfield code="d">1859-1936.</subfield>
  </datafield>
  <datafield tag="700" ind1="1" ind2=" ">
    <subfield code="a">Wheeler, Wayne Bidwell,</subfield>
    <subfield code="d">1869-1927.</subfield>
  </datafield>
  <datafield tag="700" ind1="1" ind2=" ">
    <subfield code="a">White, William Allen,</subfield>
    <subfield code="d">1868-1944.</subfield>
  </datafield>
  <datafield tag="700" ind1="1" ind2=" ">
    <subfield code="a">Woolley, John G.</subfield>
    <subfield code="q">(John Granville),</subfield>
    <subfield code="d">1850-1922.</subfield>
  </datafield>
  <datafield tag="852" ind1=" " ind2=" ">
    <subfield code="a">Bentley Historical Library,</subfield>
    <subfield code="b">University of Michigan,</subfield>
    <subfield code="c">Ann Arbor, Michigan 48109-2113</subfield>
  </datafield>
  <datafield tag="856" ind1="4" ind2="2">
    <subfield code="3">Finding aid:</subfield>
    <subfield code="u">http://quod.lib.umich.edu/cgi/f/findaid/findaid-idx?c=bhlead&amp;idno=umich-bhl-852272</subfield>
  </datafield>
  <datafield tag="997" ind1=" " ind2=" ">
    <subfield code="a">MARS</subfield>
  </datafield>
  <datafield tag="998" ind1=" " ind2=" ">
    <subfield code="s">9554</subfield>
  </datafield>
</record>
